<?xml version="1.0" encoding="UTF-8"?><collection xmlns="http://www.loc.gov/MARC21/slim"><record><leader>00366nam--2200133-i-4500</leader><controlfield tag="001">000013105</controlfield><controlfield tag="002">20161230</controlfield><controlfield tag="005">20161230201030</controlfield><controlfield tag="008">060222s1000------------r-----000-0-eng-d</controlfield><datafield ind1=" " ind2=" " tag="080"><subfield code="a">539.17.001(047.3)</subfield></datafield><datafield ind1=" " ind2=" " tag="100"><subfield code="a">Blann, M</subfield></datafield><datafield ind1=" " ind2=" " tag="245"><subfield code="a">Nuclear reaction mechanisms. progress report june 1976-july 1977</subfield></datafield><datafield ind1=" " ind2=" " tag="260"><subfield code="a">Rochester, University, 1977.Vi + 137 P</subfield></datafield><datafield ind1=" " ind2=" " tag="852"><subfield code="a">47115</subfield></datafield></record></collection>